<?xml version="1.0" encoding="UTF-8"?><record xmlns="http://www.loc.gov/MARC21/slim" xmlns:cinclude="http://apache.org/cocoon/include/1.0" xmlns:zs="http://www.loc.gov/zing/srw/">
  <leader>00348cz  a2200121n  4500</leader>
  <controlfield tag="001">n  85821998 </controlfield>
  <controlfield tag="003">DLC</controlfield>
  <controlfield tag="005">20141209085424.0</controlfield>
  <controlfield tag="008">851029n| azannaab           |n aad      </controlfield>
  <datafield tag="010" ind1=" " ind2=" ">
    <subfield code="a">n  85821998 </subfield>
  </datafield>
  <datafield tag="040" ind1=" " ind2=" ">
    <subfield code="a">DLC</subfield>
    <subfield code="b">eng</subfield>
    <subfield code="e">rda</subfield>
    <subfield code="c">DLC</subfield>
    <subfield code="d">DLC</subfield>
  </datafield>
  <datafield tag="100" ind1="1" ind2=" ">
    <subfield code="a">Fagan, Ronald</subfield>
  </datafield>
  <datafield tag="670" ind1=" " ind2=" ">
    <subfield code="a">nuc85-67344: RAP, a collection of poems ... 1982</subfield>
    <subfield code="b">(usage on IU rept.: Ronald Fagan)</subfield>
  </datafield>
</record>